
@article{Dunning:93,
	Author = {Dunning, Ted E.},
	Journal = {Computational Linguistics},
	Number = 1,
	Pages = {61--74},
	Title = {Accurate Methods for the Statistics of Surprise and Coincidence},
	Volume = 19,
	Year = 1993}

@unpublished{Hardie:14,
	Author = {Hardie, Andrew},
	Note = {Internal CASS working paper no.~1, unpublished},
	Title = {A single statistical technique for keywords, lockwords, and collocations},
	Year = {2014}}

@inproceedings{Kilgarriff:09,
	Address = {Liverpool, UK},
	Author = {Kilgarriff, Adam},
	Booktitle = {Proceedings of the Corpus Linguistics 2009 Conference},
	Title = {Simple maths for keywords},
	Year = {2009}}

@inproceedings{Kilgarriff:Rose:98,
	Address = {Granada, Spain},
	Author = {Kilgarriff, Adam and Rose, Tony},
	Booktitle = {Proceedings of the Third Conference on Empirical Methods for Natural Language Processing},
	Month = jun,
	Pages = {46--52},
	Title = {Measures for Corpus Similarity and Homogeneity},
	Year = {1998}}

@article{Scott:97,
	Author = {Scott, Mike},
	Journal = {System},
	Keywords = {corpus linguistics, keywords},
	Number = {2},
	Pages = {233--245},
	Title = {{PC} Analysis of Key Words -- And Key Key Words},
	Volume = {25},
	Year = {1997}}

@article{Rayson:08,
	Author = {Rayson, Paul},
	Journal = {International Journal of Corpus Linguistics},
	Number = {4},
	Pages = {519--549},
	Title = {From key words to key semantic domains},
	Volume = {13},
	Year = {2008}}

@inproceedings{Rayson:Garside:00,
	Address = {Hong Kong},
	Author = {Rayson, Paul and Garside, Roger},
	Booktitle = {Proceedings of the ACL Workshop on Comparing Corpora},
	Pages = {1--6},
	Title = {Comparing Corpora using Frequency Profiling},
	Year = 2000}

@article{Gries:21,
	author = {Gries, Stefan Th.},
	journal = {Research in Corpus Linguistics},
	number = {2},
	pages = {1--33},
	title = {A new approach to (key) keywords analysis: Using frequency, and now also dispersion},
	volume = {9},
	year = {2021}}

@article{Egbert:Biber:19,
	author = {Egbert, Jesse and Biber, Doug},
	journal = {Corpora},
	number = {1},
	pages = {77--104},
	title = {Incorporating text dispersion into keyword analyses},
	volume = {14},
	year = {2019}}

@Misc{Evert:Dykes:Peters:18,
  author =       {Evert, Stefan and Dykes, Natalie and Peters, Joachim},
  title =        {A quantitative evaluation of keyword measures for corpus-based discourse analysis},
  howpublished = {Presentation at the Corpora \& Discourse International Conference (CAD 2018), Lancaster, UK},
  year =      2018}

@book{Agresti:02,
	address = {Hoboken},
	author = {Agresti, Alan},
	edition = {2nd},
	publisher = {John Wiley {\&} Sons},
	title = {Categorical Data Analysis},
	year = 2002}

@phdthesis{Evert:04phd,
	author = {Evert, Stefan},
	note = {Published in 2005, URN urn:nbn:de:bsz:93-opus-23714. Available from \url{http://www.collocations.de/phd.html}},
	school = {Institut f{\"u}r maschinelle Sprachverarbeitung, University of Stuttgart},
	title = {The Statistics of Word Cooccurrences: Word Pairs and Collocations},
	type = {Dissertation},
	url = {http://dx.doi.org/10.18419/opus-2556},
	year = 2004}

@article{Baker:04a,
	author = {Baker, Paul},
	journal = {Journal of English Linguistics},
	number = {4},
	pages = {346--359},
	title = {Querying Keywords: Questions of Difference, Frequency and Sense in Keywords Analysis},
	volume = {32},
	year = {2004}}

@book{Bondi:Scott:10,
	editor = {Bondi, Marina and Scott, Mike},
	number = {41},
	publisher = {John Benjamins},
	series = {Studies in Corpus Linguistics},
	title = {Keyness in Texts},
	year = {2010}}

@incollection{Rayson:12,
	author = {Rayson, Paul},
	booktitle = {The Encyclopedia of Applied Linguistics},
	doi = {https://doi.org/10.1002/9781405198431.wbeal0247},
	isbn = {9781405198431},
	keywords = {keywords, corpus linguistics},
	publisher = {John Wiley {\&} Sons},
	title = {Corpus Analysis of Key Words},
	url = {https://onlinelibrary.wiley.com/doi/abs/10.1002/9781405198431.wbeal0247},
	year = {2012}}

@inproceedings{Kilgarriff:96,
	address = {Sussex University, Brighton, UK},
	author = {Kilgarriff, Adam},
	booktitle = {Proceedings of the AISB Workshop on Language Engineering for Document Analysis and Recognition (LEDAR)},
	editor = {Evett, L. G. and Rose, T. G. },
	keywords = {keywords, SIGIL},
	note = {Technical report ITRI-96-08},
	pages = {33--40},
	title = {Which words are particularly characteristic of a text? A survey of statistical approaches},
	url = {https://www.kilgarriff.co.uk/Publications/1996-K-AISB.pdf},
	year = {1996}}

@article{Oakes:Farrow:06,
	author = {Oakes, Michael P. and Farrow, Malcolm},
	journal = {Literary and Linguistic Computing},
	number = {1},
	pages = {85--99},
	title = {Use of the Chi-Squared Test to Examine Vocabulary Differences in {English} Language Corpora Representing Seven Different Countries},
	volume = {22},
	year = {2006}}

@article{Pojanapunya:WatsonTodd:18,
	author = {Pojanapunya, Punjaporn and Watson Todd, Richard},
	journal = {Corpus Linguistics and Linguistic Theory},
	keywords = {keywords},
	number = {1},
	pages = {133--167},
	title = {Log-likelihood and odds ratio: Keyness statistics for different purposes of keyword analysis},
	volume = {14},
	year = {2018}}

@Misc{Dykes:Evert:Heinrich:21,
  author =       {Dykes, Natalie and Evert, Stefan and Heinrich, Philipp},
  title =        {Keywords gone viral},
  howpublished = {Presentation at the Corpus Linguistics 2021 Conference, Limerick, Ireland},
  year =      2021}

@article{Agresti:Coull:98,
	author = {Agresti, Alan and Coull, Brent A.},
	journal = {The American Statistician},
	number = {2},
	pages = {119--126},
	title = {Approximate Is Better than ``Exact'' for Interval Estimation of Binomial Proportions},
	volume = {52},
	year = {1998}}

@article{Fay:10a,
	author = {Fay, Michael P.},
	journal = {The R Journal},
	number = {1},
	pages = {53--58},
	title = {Two-sided Exact Tests and Matching Confidence Intervals for Discrete Data},
	volume = {2},
	year = {2010}}

@article{Przyborowski:Wilenski:40,
	author = {Przyborowski, J. and Wilenski, H.},
	journal = {Biometrika},
	number = {3--4},
	pages = {313--323},
	title = {Homogeneity of Results in Testing Samples from {Poisson} Series: With an Application to Testing Clover Seed for Dodder},
	volume = {31},
	year = {1940}}

@inproceedings{Cornfield:56,
	address = {Berkeley, CA},
	author = {Cornfield, Jerome},
	booktitle = {Proceedings of the third Berkeley Symposium on Mathematical Statistics and Probability (Vol.~4)},
	editor = {Neyman, Jerzy},
	pages = {135--148},
	publisher = {University of California Press},
	title = {A statistical problem arising from retrospective studies},
	year = {1956}}

@book{Lehmann:Romano:05,
	address = {New York},
	author = {Lehmann, E[rich] L[eo] and Romano, Joseph P.},
	edition = {3rd},
	publisher = {Springer},
	title = {Testing Statistical Hypotheses},
	year = {2005}}

@article{Culpeper:09,
 author = {Culpeper, Jonathan},
 year = {2009},
 title = {Keyness: Words, parts-of-speech and semantic categories  in  the  character-talk of Shakespeare's Romeo and Juliet},
 pages = {29--59},
 volume = {14},
 number = {1},
 journal = {International Journal of Corpus Linguistics}
}


@article{Fidler:19,
 author = {Fidler, Masako and Cvr{\v{c}}ek, V{\'a}clav},
 year = {2019},
 title = {Keymorph analysis, or how morphosyntax informs discourse},
 pages = {39--70},
 volume = {15},
 number = {1},
 journal = {Corpus Linguistics and Linguistic Theory},
 doi = {10.1515/cllt-2016-0073}
}


@incollection{Gabrielatos:18,
 author = {Gabrielatos, Costas},
 title = {Keyness Analysis: Nature, metrics and techniques},
 pages = {225--258},
 publisher = {Routledge},
 editor = {Taylor, Charlotte and Marchi, Anna},
 booktitle = {Corpus Approaches to Discourse},
 year = {2018},
 address = {Oxford}
}


@article{Lijffijt:16,
 author = {Lijffijt, Jefrey and Nevalainen, Terttu and S{\"a}ily, Tanja and Papapetrou, Panagiotis and Puolam{\"a}ki, Kai and Mannila, Heikki},
 year = {2016},
 title = {Significance testing of word frequencies in corpora},
 pages = {374--397},
 volume = {31},
 number = {2},
 journal = {Digital Scholarship in the Humanities},
 doi = {10.1093/llc/fqu064}
}


@incollection{Paquot:09,
 author = {Paquot, Magali and Bestgen, Yves},
 title = {Distinctive words in academic writing: a comparison of three statistical tests for keyword extraction},
 keywords = {Keywords},
 pages = {247--269},
 publisher = {Rodpoi},
 editor = {Jucker, Andreas and Schreier, Daniel and Hundt, Marianne},
 booktitle = {Corpora: Pragmatics and Discourse. Papers from the 29th International Conference on English Language Research on Computerized Corpora},
 year = {2009},
 address = {Amsterdam},
 doi = {10.1163/9789042029101{\textunderscore }014}
}


@article{Bestgen:17,
  title={Getting rid of the Chi-square and Log-likelihood tests for analysing vocabulary differences between corpora},
  author={Bestgen, Yves},
  year={2017},
  pages ={33-56},
  volume = {22},
  journal = {Quaderns de Filologia}
}

@article{Adolphs:07,
  title={Applying corpus linguistics in a health care context},
  author={Adolphs, Svenja and Brown, Brian and Carter, Ronald and Crawford, Paul and Sahota, Opinder},
  journal={Journal of Applied Linguistics and Professional Practice},
  volume={1},
  number={1},
  pages={9--28},
  year={2007}
}

@article{Leedham:20,
  title={Exploring the core ‘preoccupation’of social work writing: A corpus-assisted discourse study},
  author={Leedham, Maria and Lillis, Theresa and Twiner, Alison},
  journal={Journal of Corpora and Discourse Studies},
  volume={3},
  pages={1--26},
  year={2020}
}

@article{Kania:20,
 author = {Kania, Ursula},
 year = {2020},
 title = {Marriage for all (`Ehe fuer alle')?! A corpus-assisted discourse analysis of the marriage equality debate in Germany},
 pages = {138--155},
 volume = {17},
 number = {2},
 journal = {Critical Discourse Studies},
 doi = {10.1080/17405904.2019.1656656}
}

@article{Handford:19,
 abstract = {Abstract Background It is increasingly acknowledged that technical expertise is not sufficient for engineers today, given the complex intercultural global contexts in which they are required to wor...},
 author = {Handford, Michael and {van Maele}, Jan and Matous, Petr and Maemura, Yu},
 year = {2019},
 title = {Which ``culture''? A critical analysis of intercultural communication in engineering education},
 pages = {161--177},
 volume = {108},
 number = {2},
 issn = {2168-9830},
 journal = {Journal of Engineering Education},
 doi = {10.1002/jee.20254},
 file = {Handford, van Maele et al. 2019 - Which culture:Attachments/Handford, van Maele et al. 2019 - Which culture.pdf:application/pdf}
}

@article{Fidler:15,
 author = {Fidler, Masako and Cvr{\v{c}}ek, V{\'a}clav},
 year = {2015},
 title = {A data-driven analysis of reader viewpoints: reconstructing the historical reader using keyword analysis},
 pages = {197--239},
 volume = {23},
 number = {3},
 journal = {Journal of Slavic Linguistics}
}

@article{OHalloran:11,
 author = {O'Halloran, Keiran},
 year = {2011},
 title = {Investigating argumentation in reading groups: Combining manual qualitative coding and automated corpus analysis tools},
 pages = {172--196},
 volume = {32},
 number = {2},
 journal = {Applied Linguistics},
 doi = {10.1093/applin/amq041}
}

@misc{Gabrielatos:Marchi:12,
	author = {Gabrielatos, Costas and Marchi, Anna},
	howpublished = {Presentation at the Corpora and Discourse Studies Conference (CADS 2012), Bologna, Italy},
	keywords = {SIGIL, CDA, methodology},
	note = {Available from \url{https://www.researchgate.net/publication/261708842_Keyness_Appropriate_metrics_and_practical_issues}},
	title = {Keyness: Appropriate metrics and practical issues},
	url = {https://www.researchgate.net/publication/261708842_Keyness_Appropriate_metrics_and_practical_issues},
	year = 2012
}

@article{Liao:Rosen:01,
	author = {Liao, J. G. and Rosen, Ori},
	journal = {The American Statistician},
	number = {4},
	pages = {366--369},
	title = {Fast and Stable Algorithms for Computing and Sampling From the Noncentral Hypergeometric Distribution},
	volume = {55},
	year = {2001}}
